<record><leader>00000cas a2200000 a 4500</leader><controlfield tag="001">10200734</controlfield><controlfield tag="008">831208d18251830riuwr ne      0    0eng c</controlfield><datafield ind1=" " ind2=" " tag="010"><subfield code="a">sn 83021488 </subfield></datafield><datafield ind1=" " ind2=" " tag="040"><subfield code="a">NPX</subfield><subfield code="b">eng</subfield><subfield code="c">NPX</subfield><subfield code="d">NPA</subfield><subfield code="d">RHN</subfield><subfield code="d">CNW</subfield><subfield code="d">MGN</subfield><subfield code="d">OCL</subfield><subfield code="d">OCLCG</subfield><subfield code="d">CUI</subfield><subfield code="d">DLC</subfield><subfield code="d">OCLCQ</subfield><subfield code="d">OCLCA</subfield><subfield code="d">OCLCF</subfield><subfield code="d">CUS</subfield></datafield><datafield ind1=" " ind2=" " tag="042"><subfield code="a">pcc</subfield></datafield><datafield ind1=" " ind2=" " tag="043"><subfield code="a">n-us-ri</subfield></datafield><datafield ind1="0" ind2="0" tag="050"><subfield code="a">Newspaper</subfield></datafield><datafield ind1=" " ind2="4" tag="050"><subfield code="a">AN</subfield></datafield><datafield ind1="0" ind2=" " tag="130"><subfield code="a">Microcosm (Providence, R.I.)</subfield></datafield><datafield ind1="1" ind2="4" tag="245"><subfield code="a">The microcosm.</subfield></datafield><datafield ind1=" " ind2=" " tag="260"><subfield code="a">Providence, R.I. :</subfield><subfield code="b">Walter R. Danforth</subfield></datafield><datafield ind1=" " ind2=" " tag="300"><subfield code="a">v. ;</subfield><subfield code="c">53 cm.</subfield></datafield><datafield ind1=" " ind2=" " tag="310"><subfield code="a">Weekly</subfield></datafield><datafield ind1="0" ind2=" " tag="362"><subfield code="a">Vol. 1, no. 1 (June 10, 1825)-</subfield></datafield><datafield ind1="1" ind2=" " tag="362"><subfield code="a">Ceased in 1830.</subfield></datafield><datafield ind1=" " ind2=" " tag="515"><subfield code="a">Issues for &lt;Aug. 1, 1829&gt;- called &lt;vol. 1, new ser., no. 2&gt;-</subfield></datafield><datafield ind1=" " ind2=" " tag="580"><subfield code="a">Daily eds.: Providence daily advertiser, 1829-1830, and: Daily advertiser (Providence, R.I.), 1830.</subfield></datafield><datafield ind1=" " ind2=" " tag="580"><subfield code="a">Semiweekly eds.: Rhode-Island American and Providence gazette, 1827-1829, and: Rhode Island American, statesman and Providence gazette, 1829-1830.</subfield></datafield><datafield ind1=" " ind2="0" tag="651"><subfield code="a">Providence (R.I.)</subfield><subfield code="v">Newspapers.</subfield></datafield><datafield ind1=" " ind2="7" tag="651"><subfield code="a">Rhode Island</subfield><subfield code="z">Providence.</subfield><subfield code="2">fast</subfield><subfield code="0">(OCoLC)fst01204977</subfield></datafield><datafield ind1=" " ind2="7" tag="655"><subfield code="a">Newspapers.</subfield><subfield code="2">fast</subfield><subfield code="0">(OCoLC)fst01423814</subfield></datafield><datafield ind1="1" ind2=" " tag="700"><subfield code="a">Danforth, Walter R.</subfield><subfield code="q">(Walter Raleigh),</subfield><subfield code="d">1787-1861.</subfield></datafield><datafield ind1=" " ind2=" " tag="752"><subfield code="a">United States</subfield><subfield code="b">Rhode Island</subfield><subfield code="c">Providence</subfield><subfield code="d">Providence.</subfield></datafield><datafield ind1="1" ind2=" " tag="775"><subfield code="t">Providence daily advertiser</subfield><subfield code="w">(DLC)sn 83021420</subfield><subfield code="w">(OCoLC)10201648</subfield></datafield><datafield ind1="1" ind2=" " tag="775"><subfield code="t">Daily advertiser (Providence, R.I.)</subfield><subfield code="w">(DLC)sn 83021421</subfield><subfield code="w">(OCoLC)10201177</subfield></datafield><datafield ind1="1" ind2=" " tag="775"><subfield code="t">Rhode-Island American and Providence gazette</subfield><subfield code="w">(DLC)sn 83021385</subfield><subfield code="w">(OCoLC)10158734</subfield></datafield><datafield ind1="1" ind2=" " tag="775"><subfield code="t">Rhode Island American, statesman and Providence gazette</subfield><subfield code="w">(DLC)sn 83021402</subfield><subfield code="w">(OCoLC)10202068</subfield></datafield><datafield ind1="0" ind2="8" tag="776"><subfield code="i">Online version:</subfield><subfield code="t">Microcosm (Providence, R.I. : Online)</subfield><subfield code="w">(OCoLC)192107395</subfield></datafield><datafield ind1="0" ind2="0" tag="785"><subfield code="t">Microcosm and weekly American</subfield><subfield code="w">(DLC)sn 83021489</subfield><subfield code="w">(OCoLC)10200589</subfield></datafield><datafield ind1="4" ind2="1" tag="856"><subfield code="3">04/17/1830 to 06/05/1830</subfield><subfield code="u">http://infoweb.newsbank.com/?db=EANX&amp;s_browseRef=decades/11AF2716C99D1623/all.xml</subfield></datafield><datafield ind1="1" ind2=" " tag="029"><subfield code="a">AU@</subfield><subfield code="b">000020124221</subfield></datafield></record>